<?xml version="1.0" encoding="UTF-8"?><collection xmlns="http://www.loc.gov/MARC21/slim"><record><leader>00391nam--2200121-i-4500</leader><controlfield tag="001">000022535</controlfield><controlfield tag="002">20161230</controlfield><controlfield tag="005">20161230201034</controlfield><controlfield tag="008">060222s1000------------r-----000-0-eng-d</controlfield><datafield ind1=" " ind2=" " tag="100"><subfield code="a">Haymann, Pierre</subfield></datafield><datafield ind1=" " ind2=" " tag="245"><subfield code="a">Etude de l`attaque selective d`un cristal metallique par des ions argon de faible energie. theses</subfield></datafield><datafield ind1=" " ind2=" " tag="260"><subfield code="a">Paris, La Faculte Des Sciences De L`Universite 1962. 84 P</subfield></datafield><datafield ind1=" " ind2=" " tag="852"><subfield code="a">22884</subfield></datafield></record></collection>